@article{opal2000,
author="Abbiendi, G. and others",
title="Precision luminosity for {$Z^0$} lineshape measurements with a silicon-tungsten calorimeter",
journal="The European Physical Journal C - Particles and Fields",
year="2000",
volume="14",
pages="373--425",
issn="1434-6052",
doi="10.1007/s100520000353",
url="https://doi.org/10.1007/s100520000353"
}


@misc{cepcweb,
title = "{CepC} parameter list",
note = "\href{http://cepc.ihep.ac.cn/intro.html}{http://cepc.ihep.ac.cn/intro.html}",
howpublished = "Available online"
}


@article{Bhlumi97,
title = "{Upgrade of the Monte Carlo program BHLUMI for Bhabha scattering at low angles to version 4.04}",
journal = "Computer Physics Communications",
volume = "102",
number = "1",
pages = "229 - 251",
year = "1997",
issn = "0010-4655",
doi = "https://doi.org/10.1016/S0010-4655(96)00156-7",
url = "http://www.sciencedirect.com/science/article/pii/S0010465596001567",
author = "S. Jadach and W. P\l{}aczek and E. Richter-W\k{a}s and B.F.L. Ward and Z. W\k{a}s",
}

@article{Boz13,
  author={I Bo\v{z}ovi\'c Jelisav\v{c}i\'c and S Luki\'c and G Milutinovi\'c Dumbelovi\'c and M Pandurovi\'c and I Smi\mbox{lj}ani\'c},
  title={Luminosity measurement at {ILC}},
  journal={Journal of Instrumentation},
  volume={8},
  number={08},
  pages={P08012},
  url={http://stacks.iop.org/1748-0221/8/i=08/a=P08012},
  note={\href{https://arxiv.org/abs/1304.4082}{arXiv:1304.4082}},
  year=2013
  }
