% ILC Detector TDR

@misc{cepc_website,
author = {},
title = {},
howpublished = "{CEPC project website}",
url = {http://cepc.ihep.ac.cn}
}

@misc{calice,
author = {},
title = {},
howpublished = "{CALICE Wikipage}",
url = {https://twiki.cern.ch/twiki/bin/view/CALICE/}
}

@conference{cepc-sppc:2015pcdr,
author = "{The CEPC-SPPC Study Group}",
title  = "CEPC-SPPC Preliminary Conceptual Design Report, Volume II - Accelerator",
note   = "IHEP-CEPC-DR-2015-01, IHEP-AC-2015-01",
year   = "2015",
}

@article{atlas:2012obs,
	author         = "Aad, Georges and others",
	title          = "{Observation of a new particle in the search for the
		Standard Model Higgs boson with the ATLAS detector at the
		LHC}",
collaboration  = "The ATLAS",
journal        = "Phys.\ Lett.\ B",
volume         = "716",
pages          = "1-29",
doi            = "10.1016/j.physletb.2012.08.020",
year           = "2012",
eprint         = "arXiv:1207.7214 [hep-ex]",
reportNumber   = "CERN-PH-EP-2012-218",
SLACcitation   = "%%CITATION = ARXIV:1207.7214;%%",
}

@article{cms:2012obs,
	author         = "Chatrchyan, Serguei and others",
	title          = "{Observation of a new boson at a mass of 125 GeV with the
		CMS experiment at the LHC}",
collaboration  = "The CMS",
journal        = "Phys. Lett.",
volume         = "B716",
pages          = "30-61",
doi            = "10.1016/j.physletb.2012.08.021",
year           = "2012",
eprint         = "1207.7235",
archivePrefix  = "arXiv",
primaryClass   = "hep-ex",
reportNumber   = "CMS-HIG-12-028, CERN-PH-EP-2012-220",
SLACcitation   = "%%CITATION = ARXIV:1207.7235;%%",
}

@article{cms:2012obs,
	author         = "J.-C. Brient",
	title          = "{Improving the jet reconstruction with the particle flow method: An introduction}",
collaboration  = "",
journal        = "Phys. Lett.",
volume         = "B716",
pages          = "30-61",
doi            = "10.1016/j.physletb.2012.08.021",
year           = "2012",
eprint         = "1207.7235",
archivePrefix  = "arXiv",
primaryClass   = "hep-ex",
reportNumber   = "CMS-HIG-12-028, CERN-PH-EP-2012-220",
SLACcitation   = "%%CITATION = ARXIV:1207.7235;%%",
}

@conference{cha411,
author = "{J.-C. Brient}",
title  = "Improving the jet reconstruction with the particle flow method: An introduction",
note   = "Calorimetry in particle physics. Proceedings, 11th International Conference, CALOR 2004, Perugia, Italy,",
year   = "2004",
}

@article{SDHCAL,
author         = "G. Beaulieu {\it et.al.}",
title          = "{Conception and construction of a technological prototype of a high-granularity digital hadronic calorimeter}",
collaboration  = "",
journal        = "JINST",
volume         = "10",
pages          = "P10039",
doi            = "",
year           = "2015",
}

@article{small,
author         = "M. Bedjidian {\it et al.}",
title          = "{Performance of Glass Resistive Plate Chambers for a high granularity semi-digital calorimeter}",
collaboration  = "",
journal        = "JINST",
volume         = "6",
pages          = "P02001",
doi            = "",
year           = "2011",
}

@article{FirstResults,
author         = "CALICE Collaboration",
title          = "{First results of the CALICE SDHCAL technological prototype}",
collaboration  = "",
journal        = "JINST",
volume         = "11",
pages          = "P04001",
doi            = "",
year           = "2016",
}

@article{Remi,
author         = "CALICE Collaboration",
title          = "{Separation of nearby hadronic showers in the CALICE SDHCAL prototype detector using ArborPFA}",
collaboration  = "",
journal        = "CAN-054",
volume         = "",
pages          = "",
doi            = "",
year           = "2016",
}

@article{Hough,
author         = "CALICE Collaboration",
title          = "{Tracking within Hadronic Showers in the CALICE SDHCAL prototype using a Hough Transform Technique}",
collaboration  = "",
journal        = "JINST",
volume         = "12",
pages          = "P05009",
doi            = "",
year           = "2017",
}

@article{Digitizer,
author         = "CALICE Collaboration",
title          = "{Resistive Plate Chamber Digitization in a Hadronic Shower Environment}",
collaboration  = "",
journal        = "JINST",
volume         = "11",
pages          = "P06014",
doi            = "",
year           = "2016",
}

@article{PP,
author         = "L. Caponetto{\it et al.}",
title          = "{First test of a power-pulsed electronics system on a GRPC detector in a 3-Tesla magnetic field}",
collaboration  = "",
journal        = "JINST",
volume         = "7",
pages          = "P04009",
doi            = "",
year           = "2012",
}

%%%%%%%%%%%%%%%%%%%%%%%%%%%%
@inproceedings{Zhao:2017,
	Author = {Zhao, H.},
	Booktitle = {proceeding of the International Conference on Calorimetry for the High Energy Frontier (CHEF 2017)},
	Date-Added = {2017-10-20 14:21:22 +0000},
	Date-Modified = {2017-10-20 14:21:22 +0000},
	Keywords = {CEPC, ToBeUpdated},
	Title = {PFA Oriented ECAL Simulation and Geometry Optimization for the CEPC},
	Year = {2017}}

@inproceedings{Grondin:2017qzp,
	Archiveprefix = {arXiv},
	Author = {Grondin, Denis and Giraud, Julien and Hostachy, Jean-Yves},
	Booktitle = {{Proceedings, International Workshop on Future Linear Colliders 2016 (LCWS2016): Morioka, Iwate, Japan, December 05-09, 2016}},
	Date-Added = {2017-10-20 14:14:08 +0000},
	Date-Modified = {2017-10-20 14:14:08 +0000},
	Eprint = {1702.03770},
	Keywords = {ILD; SiW ECAL},
	Primaryclass = {physics.ins-det},
	Slaccitation = {%%CITATION = ARXIV:1702.03770;%%},
	Title = {{CALICE Si/W ECAL: Endcap structures and cooling system}},
	Url = {http://inspirehep.net/record/1513187/files/arXiv:1702.03770.pdf},
	Year = {2017},
	Bdsk-Url-1 = {http://inspirehep.net/record/1513187/files/arXiv:1702.03770.pdf}}

@inproceedings{Balagura:2017pka,
	Archiveprefix = {arXiv},
	Author = {Balagura, V. and others},
	Booktitle = {{Proceedings, International Conference on Instrumentation for Colliding Beam Physics (INSTR17): Novosibirsk, Russia}},
	Date-Added = {2017-10-20 14:12:57 +0000},
	Date-Modified = {2017-10-20 14:12:57 +0000},
	Eprint = {1705.10838},
	Keywords = {SiW ECAL},
	Primaryclass = {physics.ins-det},
	Slaccitation = {%%CITATION = ARXIV:1705.10838;%%},
	Title = {{SiW ECAL for future $e^+e^-$ collider}},
	Url = {http://inspirehep.net/record/1601898/files/arXiv:1705.10838.pdf},
	Year = {2017},
	Bdsk-Url-1 = {http://inspirehep.net/record/1601898/files/arXiv:1705.10838.pdf}}

@inproceedings{Poschl:2012be,
	Archiveprefix = {arXiv},
	Author = {Poschl, Roman},
	Booktitle = {Proceedings of International Workshop on Future Linear Colliders (LCWS11) 26-30 Sep 2011. Granada, Spain},
	Collaboration = {CALICE Collaboration},
	Date-Added = {2017-10-20 14:11:34 +0000},
	Date-Modified = {2017-10-20 14:11:34 +0000},
	Eprint = {1203.0249},
	Keywords = {Calice; SiW ECAL; .Conf},
	Primaryclass = {physics.ins-det},
	Slaccitation = {%%CITATION = ARXIV:1203.0249;%%},
	Title = {{A large scale prototype for a SiW electromagnetic calorimeter for a future linear collider}},
	Year = {2012},
	Bdsk-File-1 = {YnBsaXN0MDDUAQIDBAUGJCVYJHZlcnNpb25YJG9iamVjdHNZJGFyY2hpdmVyVCR0b3ASAAGGoKgHCBMUFRYaIVUkbnVsbNMJCgsMDxJXTlMua2V5c1pOUy5vYmplY3RzViRjbGFzc6INDoACgAOiEBGABIAFgAdccmVsYXRpdmVQYXRoWWFsaWFzRGF0YV8QLS4uLy4uLzIwMTItMDNfTENXUzExX0NvbnRyaWJfMTIwMy4wMjQ5X1JQLnBkZtIXCxgZV05TLmRhdGFPEQG2AAAAAAG2AAIAAAdNYWMgU1NEAAAAAAAAAAAAAAAAAAAAAAAAAAAAAAAAQkQAAf////8fMjAxMi0wM19MQ1dTMTFfQ29uI0ZGRkZGRkZGLnBkZgAAAAAAAAAAAAAAAAAAAAAAAAAAAAAAAAAAAAAAAAAA/////wAAAAAAAAAAAAAAAAACAAEAAAogY3UAAAAAAAAAAAAAAAAABlBhcGVycwACAEsvOlVzZXJzOmJvdWRyeTpJTEM6RUNBTDpDb21tOlBhcGVyczoyMDEyLTAzX0xDV1MxMV9Db250cmliXzEyMDMuMDI0OV9SUC5wZGYAAA4AUAAnADIAMAAxADIALQAwADMAXwBMAEMAVwBTADEAMQBfAEMAbwBuAHQAcgBpAGIAXwAxADIAMAAzAC4AMAAyADQAOQBfAFIAUAAuAHAAZABmAA8AEAAHAE0AYQBjACAAUwBTAEQAEgBJVXNlcnMvYm91ZHJ5L0lMQy9FQ0FML0NvbW0vUGFwZXJzLzIwMTItMDNfTENXUzExX0NvbnRyaWJfMTIwMy4wMjQ5X1JQLnBkZgAAEwABLwAAFQACAA3//wAAgAbSGxwdHlokY2xhc3NuYW1lWCRjbGFzc2VzXU5TTXV0YWJsZURhdGGjHR8gVk5TRGF0YVhOU09iamVjdNIbHCIjXE5TRGljdGlvbmFyeaIiIF8QD05TS2V5ZWRBcmNoaXZlctEmJ1Ryb290gAEACAARABoAIwAtADIANwBAAEYATQBVAGAAZwBqAGwAbgBxAHMAdQB3AIQAjgC+AMMAywKFAocCjAKXAqACrgKyArkCwgLHAtQC1wLpAuwC8QAAAAAAAAIBAAAAAAAAACgAAAAAAAAAAAAAAAAAAALz},
	Bdsk-Url-1 = {http://arxiv.org/pdf/1203.0249v1.pdf}}

@article{Je,
	Archiveprefix = {arXiv},
	Author = {Repond, J. and others},
	Collaboration = {CALICE},
	Date-Added = {2017-10-20 14:10:31 +0000},
	Date-Modified = {2017-10-20 14:10:31 +0000},
	Doi = {10.1088/1748-0221/3/08/P08001},
	Eprint = {0805.4833},
	Journal = {JINST},
	Keywords = {.Pub; @LLR; SiW ECAL},
	Pages = {P08001},
	Primaryclass = {physics.ins-det},
	Slaccitation = {%%CITATION = 0805.4833;%%},
	Title = {{Design and Electronics Commissioning of the Physics Prototype of a Si-W Electromagnetic Calorimeter for the International Linear Collider}},
	Volume = {3},
	Year = {2008},
	Bdsk-Url-1 = {http://dx.doi.org/10.1088/1748-0221/3/08/P08001}}

@article{Adloff:2009zz,
	Author = {Adloff, C. and others},
	Date-Added = {2017-10-20 14:09:49 +0000},
	Date-Modified = {2017-10-20 14:09:49 +0000},
	Doi = {10.1016/j.nima.2009.07.026},
	Journal = {Nucl. Instrum. Meth.},
	Keywords = {.Pub; SiW ECAL; @LLR},
	Pages = {372-383},
	Slaccitation = {%%CITATION = NUIMA,A608,372;%%},
	Title = {{Response of the CALICE Si-W electromagnetic calorimeter physics prototype to electrons}},
	Volume = {A608},
	Year = {2009},
	Bdsk-Url-1 = {http://dx.doi.org/10.1016/j.nima.2009.07.026}}

@inproceedings{boudry:2014,
	Author = {Boudry, V.},
	Booktitle = {Fourth International Workshop on Future High Energy Circular Colliders (CEPC2014)},
	Date-Added = {2017-10-19 08:12:44 +0000},
	Date-Modified = {2017-10-19 08:12:44 +0000},
	Keywords = {SiW ECAL},
	Title = {SiW ECAL R\&D},
	Url = {http://indico.ihep.ac.cn/event/4338/session/2/contribution/35/material/slides/0.pdf},
	Year = {2014},
	Bdsk-Url-1 = {http://indico.ihep.ac.cn/event/4338/session/2/contribution/35/material/slides/0.pdf}}

@inproceedings{CHEF_Irles:2017,
	Author = {Irles, A.},
	Booktitle = {proceeding of the International Conference on Calorimetry for the High Energy Frontier (CHEF 2017)},
	Date-Added = {2017-10-19 07:37:03 +0000},
	Date-Modified = {2017-10-20 14:22:54 +0000},
	Keywords = {SiW ECAL, ToBeUpdated},
	Title = {Latest R\&D news and beam test performance of the highly granular SiW-ECAL technological prototype for the ILC},
	Year = {2017}}

@inproceedings{Jeans:2017,
	Author = {Jeans, D.},
	Booktitle = {proceedings of LCWS 2017},
	Date-Added = {2017-10-19 07:26:12 +0000},
	Date-Modified = {2017-10-19 07:26:55 +0000},
	Keywords = {ToBeUpdated, ILD},
	Title = {Simalution of the SiW-ECAL for ILD},
	Year = {2017}}

@inproceedings{Suehara:2017,
	Author = {et al., T. Suehara},
	Booktitle = {proceeding of the International Conference on Calorimetry for the High Energy Frontier (CHEF 2017)},
	Date-Added = {2017-10-19 07:22:40 +0000},
	Date-Modified = {2017-10-19 07:38:25 +0000},
	Keywords = {SiW ECAL, ToBeUpdated},
	Title = {Performance study of SKIROC2/A ASIC for ILD Si-W ECAL},
	Year = {2017}}

@article{Magnan:2017exp,
	Author = {Magnan, A. M.},
	Booktitle = {{Proceedings, 14th Topical Seminar on Innovative Particle and Radiation Detectors (IPRD16): Siena, Italy, October 3-6, 2016}},
	Collaboration = {CMS},
	Date-Added = {2017-10-19 07:17:05 +0000},
	Date-Modified = {2017-10-19 07:17:05 +0000},
	Doi = {10.1088/1748-0221/12/01/C01042},
	Journal = {JINST},
	Keywords = {HGCAL},
	Number = {01},
	Pages = {C01042},
	Slaccitation = {%%CITATION = JINST,12,C01042;%%},
	Title = {{HGCAL: a High-Granularity Calorimeter for the endcaps of CMS at HL-LHC}},
	Volume = {12},
	Year = {2017},
	Bdsk-Url-1 = {http://dx.doi.org/10.1088/1748-0221/12/01/C01042}}

@inproceedings{Martelli:2017qbe,
	Archiveprefix = {arXiv},
	Author = {Martelli, Arabella},
	Booktitle = {{5th Large Hadron Collider Physics Conference (LHCP 2017) Shanghai, China, May 15-20, 2017}},
	Collaboration = {CMS},
	Date-Added = {2017-10-19 07:17:05 +0000},
	Date-Modified = {2017-10-19 07:17:05 +0000},
	Eprint = {1708.08234},
	Keywords = {HGCAL},
	Primaryclass = {physics.ins-det},
	Slaccitation = {%%CITATION = ARXIV:1708.08234;%%},
	Title = {{The CMS HGCAL detector for HL-LHC upgrade}},
	Url = {http://inspirehep.net/record/1620207/files/arXiv:1708.08234.pdf},
	Year = {2017},
	Bdsk-Url-1 = {http://inspirehep.net/record/1620207/files/arXiv:1708.08234.pdf}}

@techreport{ILD_DBD:2013,
	Author = {Behnke, T. and others},
	Collaboration = {ILD},
	Date-Added = {2017-10-19 07:13:04 +0000},
	Date-Modified = {2017-10-19 07:13:04 +0000},
	Institution = {DESY / FERMILAB / CERN},
	Keywords = {.Report; ILD; @LLR; DAQ; SiW ECAL},
	Title = {International Linear Collider -- Detector Baseline Document},
	Url = {https://edmsdirect.desy.de/edmsdirect/file.jsp?edmsid=D00000001021295},
	Year = {2013},
	Bdsk-Url-1 = {http://edmsdirect.desy.de/edmsdirect/file.jsp?edmsid=D00000001021295&fileClass=native;}}

@inproceedings{Tran:2014hma,
	Archiveprefix = {arXiv},
	Author = {Tran, Trong Hieu},
	Booktitle = {{International Workshop on Future Linear Colliders (LCWS13) Tokyo, Japan, November 11-15, 2013}},
	Date-Added = {2017-10-19 07:12:47 +0000},
	Date-Modified = {2017-10-19 07:12:47 +0000},
	Eprint = {1404.3173},
	Keywords = {ILD},
	Primaryclass = {physics.ins-det},
	Slaccitation = {%%CITATION = ARXIV:1404.3173;%%},
	Title = {{ILD SiW ECAL and sDHCAL dimension-performance optimisation}},
	Url = {http://inspirehep.net/record/1290127/files/arXiv:1404.3173.pdf},
	Year = {2014},
	Bdsk-Url-1 = {http://inspirehep.net/record/1290127/files/arXiv:1404.3173.pdf}}

@inproceedings{Cornat:2009zz,
	Author = {Cornat, Remi},
	Collaboration = {CALICE},
	Crossref = {Calor_:2008},
	Date-Added = {2017-10-19 07:07:47 +0000},
	Date-Modified = {2017-10-19 07:07:47 +0000},
	Doi = {10.1088/1742-6596/160/1/012067},
	Journal = {J. Phys. Conf. Ser.},
	Keywords = {SiW ECAL; .Conf; @LLR},
	Pages = {012067},
	Slaccitation = {%%CITATION = 00462,160,012067;%%},
	Title = {{Semiconductor sensors for the CALICE SiW EMC and study of the cross-talk between guard rings and pixels in the CALICE SiW prototype}},
	Volume = {160},
	Year = {2009},
	Bdsk-Url-1 = {http://dx.doi.org/10.1088/1742-6596/160/1/012067}}

@inproceedings{Videau:2002qf,
	Author = {Videau, H. and Brient, J. C.},
	Crossref = {Calor_:2002},
	Date-Added = {2017-10-19 06:41:08 +0000},
	Date-Modified = {2017-10-19 06:41:08 +0000},
	Keywords = {PFA; SiW ECAL; .Conf; @LLR},
	Pages = {309--320},
	Title = {{A Si-W calorimeter for linear collider physics}},
	Year = {2002}}

@inproceedings{Videau:2002sk,
	Author = {Videau, H. and Brient, J. C.},
	Crossref = {Calor_:2002},
	Date-Added = {2017-10-19 06:39:33 +0000},
	Date-Modified = {2017-10-19 06:39:33 +0000},
	Keywords = {PFA; .Conf; @LLR},
	Title = {{Calorimetry optimised for jets}},
	Year = {2002}}

@misc{cepc_website,
	Date-Modified = {2017-10-19 07:24:36 +0000},
	Howpublished = {{CEPC project website}},
	Keywords = {CEPC},
	Url = {http://cepc.ihep.ac.cn},
	Bdsk-Url-1 = {http://cepc.ihep.ac.cn}}

@conference{cepc-sppc:2015pcdr,
	Author = {{The CEPC-SPPC Study Group}},
	Date-Modified = {2017-10-19 07:24:36 +0000},
	Keywords = {CEPC},
	Note = {IHEP-CEPC-DR-2015-01, IHEP-AC-2015-01},
	Title = {CEPC-SPPC Preliminary Conceptual Design Report, Volume II - Accelerator},
	Year = {2015}}

@proceedings{Calor_:2002,
	Booktitle = {Proc. 10th International Conference on Calorimetry in High Energy Physics (CALOR 2002), Pasadena, California},
	Date-Added = {2017-10-19 06:43:35 +0000},
	Date-Modified = {2017-10-19 06:43:35 +0000},
	Keywords = {.Conf; @LLR},
	Month = {March},
	Title = {10th International Conference on Calorimetry in High Energy Physics (CALOR 2002), Pasadena, California, 25-30 Mar 2002},
	Year = {2002}}

@proceedings{Calor_:2008,
	Booktitle = {Proceedings CALOR'08},
	Date-Added = {2017-10-19 07:08:02 +0000},
	Date-Modified = {2017-10-19 07:08:02 +0000},
	Keywords = {_Conf},
	Title = {13th International Conference on Calorimetry in High Energy Physics (CALOR08), 26-30 May 2008. Pavia, Italy},
	Year = {2008}}

@Book{wigmans_cal,
     author    = "Wigmans, R.",
     title     = "Calorimetry, Energy Measurement in Particle Physics",
     pages     = "p. 800",
     journal   = "International Series of Monographs on Physics",
     volume    = "168 (second edition)",
     year      = "2017",
     publisher = "International Series of Monographs on Physics, Oxford University Press"
}

@Article{pdg_hadroncalorimetry,
     author    = "Patrignani et al. (Particle Data Group), C.",
     journal   = "Chin. Phys. C",
     volume    = "40",
     year      = "2016",
     pages     = "479-482",
     doi       = "10.1088/1674-1137/40/10/100001"
}

@Article{groom_nim572,
     author    = "Groom, D. E.",
     title     = "{Energy flow in a hadronic cascade: Application to hadron calorimetry}",
     journal   = "Nucl. Instrum. Methods A",
     volume    = "572",
     year      = "2007",
     pages     = "633-653",
     doi       = "10.1016/j.nima.2006.11.070"
}

@Article{groom_nim593,
     author    = "Groom, D. E.",
     title     = "{Erratum to "Energy flow in a hadronic cascade: Application to hadron calorimetry" [Nucl. Instr. and Meth. A 572 (2007) 633–653]}",
     journal   = "Nucl. Instrum. Methods A",
     volume    = "593",
     year      = "2008",
     pages     = "638",
     doi       = "10.1016/j.nima.2008.05.045"
}

%editor =       "N.~Svartholm",

@Misc{rd52_reference,
  howpublished =  "All publications and other results obtained in the context of the {R}{D}52 project can be found at the website(s): {h}ttp://www.phys.ttu.edu/~dream or http://dream.knu.ac.kr."
}

@Misc{4th_loi,
  howpublished = "4th {D}etector {C}ollaboration {L}etter of {I}ntent: {h}ttp://www.4thconcept.org/4{L}o{I}.pdf"
}

@Article{rd52_hadr2017,
     author    = "Lee et al., S.",
     title     = "{Hadron detection with a dual-readout fiber calorimeter}",
     journal   = "Nucl. Instrum. Methods A",
     volume    = "866",
     year      = "2017",
     pages     = "76",
     doi       = "10.1016/j.nima.2017.05.025"
}

@Article{wigmans_nimA824,
     author    = "Wigmans, R.",
     title     = "{New results from the RD52 project}",
     journal   = "Nucl. Instrum. Methods A",
     volume    = "824",
     year      = "2016",
     pages     = "721",
     doi       = "10.1016/j.nima.2015.09.069"
}

@Article{rd52_em2016,
     author    = "Cardini et al., C.",
     title     = "{The small-angle performance of a dual-readout fiber calorimeter}",
     journal   = "Nucl. Instrum. Methods A",
     volume    = "808",
     year      = "2016",
     pages     = "41",
     doi       = "10.1016/j.nima.2015.09.069"
}

@Article{rd52_sim2014,
     author    = "Akchurin et al., N.",
     title     = "{Lessons from Monte Carlo simulations of the performance of a dual-readout fiber calorimeter}",
     journal   = "Nucl. Instrum. Methods A",
     volume    = "762",
     year      = "2014",
     pages     = "100",
     doi       = "10.1016/j.nima.2014.05.121"
}

@Article{rd52_em2014,
     author    = "Akchurin et al., N.",
     title     = "{The electromagnetic performance of the RD52 fiber calorimeter}",
     journal   = "Nucl. Instrum. Methods A",
     volume    = "735",
     year      = "2014",
     pages     = "130",
     doi       = "10.1016/j.nima.2013.09.033"
}

@Article{rd52_pid2014,
     author    = "Akchurin et al., N.",
     title     = "{Particle identification in the longitudinally unsegmented RD52 calorimeter}",
     journal   = "Nucl. Instrum. Methods A",
     volume    = "735",
     year      = "2014",
     pages     = "120",
     doi       = "10.1016/j.nima.2013.09.024"
}

@Article{spacal_epimulti,
     author    = "Acosta et al., D.",
     title     = "{Electron, pion and multiparticle detection with a lead/scintillating-fiber calorimeter}",
     journal   = "Nucl. Instrum. Methods A",
     volume    = "306",
     year      = "1991",
     pages     = "481",
     doi       = "10.1016/0168-9002(91)90062-U"
}
