@article{cepc:preCDR-1,
      author         = "{CEPC-SPPC Study Group}",
      title          = "{CEPC-SPPC Preliminary Conceptual Design Report. Volume I -
                        Physics \& Detector}",
      year           = "2015",
      reportNumber   = "IHEP-CEPC-DR-2015-01, IHEP-TH-2015-01, IHEP-EP-2015-01",
      SLACcitation   = "%%CITATION = IHEP-CEPC-DR-2015-01;%%"
}
